@book{angrist2009mostly,
  title={Mostly Harmless Econometrics: An Empiricist's Companion},
  author={Angrist, Joshua D. and Pischke, J{\"o}rn-Steffen},
  year={2009},
  publisher={Princeton University Press}
}

@book{wooldridge2010econometric,
  title={Econometric Analysis of Cross Section and Panel Data},
  author={Wooldridge, Jeffrey M.},
  year={2010},
  publisher={MIT Press}
}

@article{bengio2013representation,
  title={Representation learning: A review and new perspectives},
  author={Bengio, Yoshua and Courville, Aaron and Vincent, Pascal},
  journal={IEEE Transactions on Pattern Analysis and Machine Intelligence},
  volume={35},
  number={8},
  pages={1798--1828},
  year={2013}
}

@article{bietti2021learning,
  title={Learning the geometry of data manifolds with conditional similarity networks},
  author={Bietti, Alberto and Mialon, Gr{\'e}goire},
  journal={arXiv preprint arXiv:2105.07569},
  year={2021}
}

@inproceedings{dwork2012fairness,
  title={Fairness through awareness},
  author={Dwork, Cynthia and Hardt, Moritz and Pitassi, Toniann and Reingold, Omer and Zemel, Richard},
  booktitle={Proceedings of the 3rd Innovations in Theoretical Computer Science Conference (ITCS)},
  pages={214--226},
  year={2012}
}

@incollection{barocas2016big,
  title={Big data's disparate impact},
  author={Barocas, Solon and Selbst, Andrew D.},
  booktitle={California Law Review},
  volume={104},
  pages={671--732},
  year={2016}
}

@article{greenland1999confounding,
  title={Confounding and collapsibility in causal inference},
  author={Greenland, Sander and Pearl, Judea and Robins, James M.},
  journal={Statistical Science},
  volume={14},
  number={1},
  pages={29--46},
  year={1999}
}

@book{imbens2015causal,
  title={Causal Inference for Statistics, Social, and Biomedical Sciences: An Introduction},
  author={Imbens, Guido W. and Rubin, Donald B.},
  year={2015},
  publisher={Cambridge University Press}
}

@book{nelsen2007copulas,
  title={An Introduction to Copulas},
  author={Nelsen, Roger B.},
  publisher={Springer},
  year={2007}
}

@article{friedman2001greedy,
  title={Greedy function approximation: A gradient boosting machine},
  author={Friedman, Jerome H.},
  journal={Annals of Statistics},
  volume={29},
  number={5},
  pages={1189--1232},
  year={2001}
}

@article{lecun2015deep,
  title={Deep learning},
  author={LeCun, Yann and Bengio, Yoshua and Hinton, Geoffrey},
  journal={Nature},
  volume={521},
  number={7553},
  pages={436--444},
  year={2015}
}

@book{pearl2009causality,
  title={Causality: Models, Reasoning, and Inference},
  author={Pearl, Judea},
  edition={2nd},
  publisher={Cambridge University Press},
  year={2009}
}

@article{mehrabi2021survey,
  title={A survey on bias and fairness in machine learning},
  author={Mehrabi, Ninareh and Morstatter, Fred and Saxena, Nripsuta and Lerman, Kristina and Galstyan, Aram},
  journal={ACM Computing Surveys},
  volume={54},
  number={6},
  pages={1--35},
  year={2021}
}

@inproceedings{zhang2018mitigating,
  title={Mitigating unwanted biases with adversarial learning},
  author={Zhang, Brian Hu and Lemoine, Benjamin and Mitchell, Margaret},
  booktitle={Proceedings of the 2018 AAAI/ACM Conference on AI, Ethics, and Society},
  year={2018}
}

@inproceedings{beutel2017data,
  title={Data decisions and theoretical implications when adversarially de-biasing},
  author={Beutel, Alex and Chen, Jilin and Zhao, Zhe and Chi, Ed},
  booktitle={Proceedings of the 2017 Workshop on Fairness, Accountability, and Transparency in Machine Learning (FAT/ML)},
  year={2017}
}

@inproceedings{locatello2019challenging,
  title={Challenging common assumptions in the unsupervised learning of disentangled representations},
  author={Locatello, Francesco and Bauer, Stefan and Lucic, Mario and Raetsch, Gunnar and Gelly, Sylvain and Sch{\"o}lkopf, Bernhard and Bachem, Olivier},
  booktitle={Proceedings of the 36th International Conference on Machine Learning},
  year={2019}
}

@article{lipton2018mythos,
  title={The mythos of model interpretability},
  author={Lipton, Zachary C.},
  journal={Communications of the ACM},
  volume={61},
  number={10},
  pages={36--43},
  year={2018}
}

@article{fuster2020predictably,
  title={Predictably unequal? The effects of machine learning on credit markets},
  author={Fuster, Andreas and Goldsmith-Pinkham, Paul and Ramadorai, Tarun and Walther, Ansgar},
  journal={The Journal of Finance},
  volume={77},
  number={1},
  pages={5--47},
  year={2022}
}

@article{wachter2021bias,
  title={Why fairness cannot be automated: Bridging the gap between EU non-discrimination law and AI},
  author={Wachter, Sandra and Mittelstadt, Brent},
  journal={Computer Law \& Security Review},
  volume={41},
  pages={105567},
  year={2021}
}